%---------------------------------------------------------------------------%
%-                                                                         -%
%-                             Bibliography                                -%
%-                                                                         -%
%---------------------------------------------------------------------------%
%---------------------------------------------------------------------------%
%-                                                                         -%
%-                             Bibliography                                -%
%-                                                                         -%
%---------------------------------------------------------------------------%

@article{reviewruc,
  title={分布式图处理系统技术综述},
  author={王童童 and 荣垂田 and 卢卫 and 杜小勇},
  journal={软件学报},
  volume={29},
  number={3},
  pages={569--586},
  year={2018}
}



@mastersthesis{zlj2018,
  author       = {庄良吉}, 
  title        = {面向分布式图计算的延迟数据一致性方法研究},
  school       = {中国科学院大学(计算技术研究所)},
  year         = 2018
}

@phdthesis{low2013graphlab,
  title={Graphlab: A distributed abstraction for large scale machine learning},
  author={Low, Yucheng},
  year={2013},
  school={PhD thesis, University of California, Berkeley}
}
@article{metis,
  title={METIS: Unstructured graph partitioning and sparse matrix ordering system},
  author={Karypis, G and Kumar, V},
  journal={Side Effects of Drugs Annual},
  pages={206–213},
  year={1995},
}

@inproceedings{tsourakakis2014fennel,
  title={Fennel: Streaming graph partitioning for massive scale graphs},
  author={Tsourakakis, Charalampos and Gkantsidis, Christos and Radunovic, Bozidar and Vojnovic, Milan},
  booktitle={Proceedings of the 7th ACM international conference on Web search and data mining},
  pages={333--342},
  year={2014}
}
@inproceedings{kumar2017graphsteal,
  title={Graphsteal: Dynamic re-partitioning for efficient graph processing in heterogeneous clusters},
  author={Kumar, Dinesh and Raj, Arun and Dharanipragada, Janakiram},
  booktitle={2017 IEEE 10th International Conference on Cloud Computing (CLOUD)},
  pages={439--446},
  year={2017},
  organization={IEEE}
}



@ARTICLE{rpc,
    author = {R. Thurlow and Sun Microsystems},
    title = {RPC: Remote Procedure Call Protocol Specification Version 2},
    journal = {Sun Microsystems},
    year = {2009},
    pages = {5531}
}
@online{netty,
title = {Netty projecj.},
url = {http://netty.io}
}
@online{activemq,
title = {Apache ActiveMQ.},
url = {http://activemq.apache.org/}
}

@article{mpi,
  title={A high-performance, portable implementation of the MPI message passing interface standard},
  author={Gropp, William and Lusk, Ewing and Doss, Nathan and Skjellum, Anthony},
  journal={Parallel Computing},
  volume={22},
  number={6},
  pages={789-828},
  year={1996},
}

@article{su2016graphhp,
  title={GraphHP: A hybrid platform for iterative graph processing},
  author={SU, Jing and SUO, Bo and CHEN, Qun and PAN, Wei and LI, Zhan-huai},
  journal={Journal of East China Normal University (Natural Science)},
  number={5},
  pages={14},
  year={2016}
}

@inproceedings{goffish,
  title={Goffish: A sub-graph centric framework for large-scale graph analytics},
  author={Simmhan, Yogesh and Kumbhare, Alok and Wickramaarachchi, Charith and Nagarkar, Soonil and Ravi, Santosh and Raghavendra, Cauligi and Prasanna, Viktor},
  booktitle={European Conference on Parallel Processing},
  pages={451--462},
  year={2014},
  organization={Springer}
}


@article{ju2017hieroglyph,
  title={Hieroglyph: Locally-sufficient graph processing via compute-sync-merge},
  author={Ju, Xiaoen and Jamjoom, Hani and Shin, Kang G},
  journal={Proceedings of the ACM on Measurement and Analysis of Computing Systems},
  volume={1},
  number={1},
  pages={9},
  year={2017},
  publisher={ACM}
}


@article{mapreduce,
  title={MapReduce: simplified data processing on large clusters},
  author={Dean, Jeffrey and Ghemawat, Sanjay},
  journal={Communications of the ACM},
  volume={51},
  number={1},
  pages={107--113},
  year={2008},
  publisher={ACM}
}

@article{GRE,
  author    = {Jie Yan and
               Guangming Tan and
               Ninghui Sun},
  title     = {{GRE:} {A} Graph Runtime Engine for Large-Scale Distributed Graph-Parallel
               Applications},
  journal   = {CoRR},
  volume    = {abs/1310.5603},
  year      = {2013},  
  archivePrefix = {arXiv},
  eprint    = {1310.5603},
  timestamp = {Mon, 13 Aug 2018 16:46:20 +0200},
  biburl    = {https://dblp.org/rec/bib/journals/corr/YanTS13},
  bibsource = {dblp computer science bibliography, https://dblp.org}
}


@inproceedings{GraphChi,
 author = {Kyrola, Aapo and Blelloch, Guy and Guestrin, Carlos},
 title = {GraphChi: Large-scale Graph Computation on Just a PC},
 booktitle = {Proceedings of the 10th USENIX Conference on Operating Systems Design and Implementation},
 series = {OSDI'12},
 year = {2012},
 isbn = {978-1-931971-96-6},
 location = {Hollywood, CA, USA},
 pages = {31--46},
 numpages = {16},
 acmid = {2387884},
 publisher = {USENIX Association},
 address = {Berkeley, CA, USA},
} 

@article{TLV,
 author = {McCune, Robert Ryan and Weninger, Tim and Madey, Greg},
 title = {Thinking Like a Vertex: A Survey of Vertex-Centric Frameworks for Large-Scale Distributed Graph Processing},
 journal = {ACM Comput. Surv.},
 issue_date = {November 2015},
 volume = {48},
 number = {2},
 month = oct,
 year = {2015},
 issn = {0360-0300},
 pages = {25:1--25:39},
 articleno = {25},
 numpages = {39},
 acmid = {2818185},
 publisher = {ACM},
 address = {New York, NY, USA},
 keywords = {Big Data, Graph processing, distributed algorithms, distributed systems, pregel},
} 
@article{bsp@1990,
 author = {Valiant, Leslie G.},
 title = {A Bridging Model for Parallel Computation},
 journal = {Commun. ACM},
 issue_date = {Aug. 1990},
 volume = {33},
 number = {8},
 month = aug,
 year = {1990},
 issn = {0001-0782},
 pages = {103--111},
 numpages = {9},
 acmid = {79181},
 publisher = {ACM},
 address = {New York, NY, USA},
} 
@inproceedings{Malewicz@SIGMOD10,
 author = {Malewicz, Grzegorz and Austern, Matthew H. and Bik, Aart J.C and Dehnert, James C. and Horn, Ilan and Leiser, Naty and Czajkowski, Grzegorz},
 title = {Pregel: A System for Large-scale Graph Processing},
 booktitle = {Proceedings of the 2010 ACM SIGMOD International Conference on Management of Data},
 series = {SIGMOD '10},
 year = {2010},
 location = {Indianapolis, Indiana, USA},
 pages = {135--146},
 numpages = {12},
 publisher = {ACM},
 address = {New York, NY, USA},
 keywords = {distributed computing, graph algorigthms},
} 


@inproceedings{Wang@PPoPP18,
 author = {Wang, Lei and Zhuang, Liangji and Chen, Junhang and Cui, Huimin and Lv, Fang and Liu, Ying and Feng, Xiaobing},
 title = {Lazygraph: Lazy Data Coherency for Replicas in Distributed Graph-parallel Computation},
 booktitle = {Proceedings of the 23rd ACM SIGPLAN Symposium on Principles and Practice of Parallel Programming},
 series = {PPoPP '18},
 year = {2018},
 isbn = {978-1-4503-4982-6},
 location = {Vienna, Austria},
 pages = {276--289},
 numpages = {14},
 acmid = {3178508},
 publisher = {ACM},
 address = {New York, NY, USA},
 keywords = {distributed graph-parallel computation, execution model, lazy data coherency},
} 

@article{Low@12,
 author = {Low, Yucheng and Bickson, Danny and Gonzalez, Joseph and Guestrin, Carlos and Kyrola, Aapo and Hellerstein, Joseph M.},
 title = {Distributed GraphLab: A Framework for Machine Learning and Data Mining in the Cloud},
 journal = {Proc. VLDB Endow.},
 issue_date = {April 2012},
 volume = {5},
 number = {8},
 month = apr,
 year = {2012},
 pages = {716--727},
 numpages = {12},
 publisher = {VLDB Endowment},
} 

@inproceedings{Gonzalez@OSDI12,
 author = {Gonzalez, Joseph E. and Low, Yucheng and Gu, Haijie and Bickson, Danny and Guestrin, Carlos},
 title = {PowerGraph: Distributed Graph-parallel Computation on Natural Graphs},
 booktitle = {Proceedings of the 10th USENIX Conference on Operating Systems Design and Implementation},
 series = {OSDI'12},
 year = {2012},
 location = {Hollywood, CA, USA},
 pages = {17--30},
 numpages = {14},
 publisher = {USENIX Association},
 address = {Berkeley, CA, USA},
} 

@inproceedings{Zhu@OSDI16,
 author = {Zhu, Xiaowei and Chen, Wenguang and Zheng, Weimin and Ma, Xiaosong},
 title = {Gemini: A Computation-centric Distributed Graph Processing System},
 booktitle = {Proceedings of the 12th USENIX Conference on Operating Systems Design and Implementation},
 series = {OSDI'16},
 year = {2016},
 location = {Savannah, GA, USA},
 pages = {301--316},
 numpages = {16},
 publisher = {USENIX Association},
 address = {Berkeley, CA, USA},
} 

@inproceedings{Gonzalez@OSDI14,
 author = {Gonzalez, Joseph E. and Xin, Reynold S. and Dave, Ankur and Crankshaw, Daniel and Franklin, Michael J. and Stoica, Ion},
 title = {GraphX: Graph Processing in a Distributed Dataflow Framework},
 booktitle = {Proceedings of the 11th USENIX Conference on Operating Systems Design and Implementation},
 series = {OSDI'14},
 year = {2014},
 location = {Broomfield, CO},
 pages = {599--613},
 numpages = {15},
 publisher = {USENIX Association},
 address = {Berkeley, CA, USA},
} 

@inproceedings{Avery@HS11,
 author = {C. Avery},
 title = {Giraph: Large-scale graph processing infrastructure on hadoop},
 booktitle = {Proceedings of the Hadoop Summit},
 year = {2011},
} 

@inproceedings{Shao@SIGMOD13,
 author = {Shao, Bin and Wang, Haixun and Li, Yatao},
 title = {Trinity: A Distributed Graph Engine on a Memory Cloud},
 booktitle = {Proceedings of the 2013 ACM SIGMOD International Conference on Management of Data},
 series = {SIGMOD '13},
 year = {2013},
 location = {New York, New York, USA},
 pages = {505--516},
 numpages = {12},
 publisher = {ACM},
 address = {New York, NY, USA},
 keywords = {distributed system, graph database, memory cloud},
} 

@inproceedings{Chen@EuroSys15,
 author = {Chen, Rong and Shi, Jiaxin and Chen, Yanzhe and Chen, Haibo},
 title = {PowerLyra: Differentiated Graph Computation and Partitioning on Skewed Graphs},
 booktitle = {Proceedings of the Tenth European Conference on Computer Systems},
 series = {EuroSys '15},
 year = {2015},
 location = {Bordeaux, France},
 pages = {1:1--1:15},
 articleno = {1},
 numpages = {15},
 publisher = {ACM},
 address = {New York, NY, USA},
} 

@inproceedings{Xie@PPoPP15,
 author = {Xie, Chenning and Chen, Rong and Guan, Haibing and Zang, Binyu and Chen, Haibo},
 title = {SYNC or ASYNC: Time to Fuse for Distributed Graph-parallel Computation},
 booktitle = {Proceedings of the 20th ACM SIGPLAN Symposium on Principles and Practice of Parallel Programming},
 series = {PPoPP 2015},
 year = {2015},
 location = {San Francisco, CA, USA},
 pages = {194--204},
 numpages = {11},
 publisher = {ACM},
 address = {New York, NY, USA},
 keywords = {Computation Modes, Distributed Graph-parallel Computation},
}

@inproceedings{Roy@SOSP15,
 author = {Roy, Amitabha and Bindschaedler, Laurent and Malicevic, Jasmina and Zwaenepoel, Willy},
 title = {Chaos: Scale-out Graph Processing from Secondary Storage},
 booktitle = {Proceedings of the 25th Symposium on Operating Systems Principles},
 series = {SOSP '15},
 year = {2015},
 location = {Monterey, California},
 pages = {410--424},
 numpages = {15},
 publisher = {ACM},
 address = {New York, NY, USA},
} 

@INPROCEEDINGS{Seo@CloudCom10, 
author={S. Seo and E. J. Yoon and J. Kim and S. Jin and J. S. Kim and S. Maeng}, 
booktitle={2010 IEEE Second International Conference on Cloud Computing Technology and Science}, 
title={HAMA: An Efficient Matrix Computation with the MapReduce Framework}, 
year={2010}, 
volume={}, 
number={}, 
pages={721-726}, 
keywords={cloud computing;parallel processing;software architecture;HAMA;MapReduce framework;high level matrix computation;parallel systems literature;Context;Engines;Google;Iterative algorithm;Iterative methods;Scalability;Sparse matrices;MPI;MapReduce;Scientific computing}, 
month={Nov},
}

@inproceedings{Gregor@POOSC15,
 author = {Gregor D. and Lumsdaine A.},
 title = {The Parallel BGL: A Generic Library for Distributed Graph Computations.},
 booktitle = {Parallel Object-Oriented Scientific Computing},
 year = {2015},
} 

@inproceedings{Hoque@TRIOS13,
 author = {Hoque, Imranul and Gupta, Indranil},
 title = {LFGraph: Simple and Fast Distributed Graph Analytics},
 booktitle = {Proceedings of the First ACM SIGOPS Conference on Timely Results in Operating Systems},
 series = {TRIOS '13},
 year = {2013},
 location = {Farmington, Pennsylvania},
 pages = {9:1--9:17},
 articleno = {9},
 numpages = {17},
 publisher = {ACM},
 address = {New York, NY, USA},
} 

@inproceedings{Teixeira@SOSP15,
 author = {Teixeira, Carlos H. C. and Fonseca, Alexandre J. and Serafini, Marco and Siganos, Georgos and Zaki, Mohammed J. and Aboulnaga, Ashraf},
 title = {Arabesque: A System for Distributed Graph Mining},
 booktitle = {Proceedings of the 25th Symposium on Operating Systems Principles},
 series = {SOSP '15},
 year = {2015},
 location = {Monterey, California},
 pages = {425--440},
 numpages = {16},
 publisher = {ACM},
 address = {New York, NY, USA},
} 

@inproceedings{Nguyen@SOSP13,
 author = {Nguyen, Donald and Lenharth, Andrew and Pingali, Keshav},
 title = {A Lightweight Infrastructure for Graph Analytics},
 booktitle = {Proceedings of the Twenty-Fourth ACM Symposium on Operating Systems Principles},
 series = {SOSP '13},
 year = {2013},
 location = {Farminton, Pennsylvania},
 pages = {456--471},
 numpages = {16},
 publisher = {ACM},
 address = {New York, NY, USA},
} 

@inproceedings{Shun@PPoPP13,
 author = {Shun, Julian and Blelloch, Guy E.},
 title = {Ligra: A Lightweight Graph Processing Framework for Shared Memory},
 booktitle = {Proceedings of the 18th ACM SIGPLAN Symposium on Principles and Practice of Parallel Programming},
 series = {PPoPP '13},
 year = {2013},
 location = {Shenzhen, China},
 pages = {135--146},
 numpages = {12},
 publisher = {ACM},
 address = {New York, NY, USA},
 keywords = {graph algorithms, parallel programming, shared memory},
} 

@article{Sundaram@VLDB15,
 author = {Sundaram, Narayanan and Satish, Nadathur and Patwary, Md Mostofa Ali and Dulloor, Subramanya R. and Anderson, Michael J. and Vadlamudi, Satya Gautam and Das, Dipankar and Dubey, Pradeep},
 title = {GraphMat: High Performance Graph Analytics Made Productive},
 journal = {Proc. VLDB Endow.},
 issue_date = {July 2015},
 volume = {8},
 number = {11},
 month = jul,
 year = {2015},
 pages = {1214--1225},
 numpages = {12},
 publisher = {VLDB Endowment},
} 

@inproceedings{Zhang@PPoPP15,
 author = {Zhang, Kaiyuan and Chen, Rong and Chen, Haibo},
 title = {NUMA-aware Graph-structured Analytics},
 booktitle = {Proceedings of the 20th ACM SIGPLAN Symposium on Principles and Practice of Parallel Programming},
 series = {PPoPP 2015},
 year = {2015},
 location = {San Francisco, CA, USA},
 pages = {183--193},
 numpages = {11},
 publisher = {ACM},
 address = {New York, NY, USA},
 keywords = {Graph-structured Analytics, Non-uniform Memory Access (NUMA)},
} 



@inproceedings{Jain@GRADES13,
 author = {Jain, Nilesh and Liao, Guangdeng and Willke, Theodore L.},
 title = {GraphBuilder: Scalable Graph ETL Framework},
 booktitle = {First International Workshop on Graph Data Management Experiences and Systems},
 series = {GRADES '13},
 year = {2013},
 location = {New York, New York},
 pages = {4:1--4:6},
 articleno = {4},
 numpages = {6},
 publisher = {ACM},
 address = {New York, NY, USA},
 keywords = {GraphBuilder, Hadoop, MapReduce, distributed system, graph ETL, graph analytics, graph construction, graph partitioning},
} 

@inproceedings{Catalyurek@IRREGULAR96,
 author = {Catalyurek, Umit and Aykanat, Cevdet},
 title = {Decomposing Irregularly Sparse Matrices for Parallel Matrix-Vector Multiplication},
 booktitle = {Proceedings of the Third International Workshop on Parallel Algorithms for Irregularly Structured Problems},
 series = {IRREGULAR '96},
 year = {1996},
 pages = {75--86},
 numpages = {12},
 publisher = {Springer-Verlag},
 address = {London, UK, UK},
} 


@inproceedings{Karypis@Supercomputing96,
 author = {Karypis, George and Kumar, Vipin},
 title = {Parallel Multilevel K-way Partitioning Scheme for Irregular Graphs},
 booktitle = {Proceedings of the 1996 ACM/IEEE Conference on Supercomputing},
 series = {Supercomputing '96},
 year = {1996},
 location = {Pittsburgh, Pennsylvania, USA},
 articleno = {35},
 publisher = {IEEE Computer Society},
 address = {Washington, DC, USA},
 keywords = {Parallel Graph Partitioning, Multilevel Partitioning Methods, Spectral Partitioning Methods, Kernighan-Lin Heuristic, Parallel Sparse Matrix Algorithms},
} 

@inproceedings{Karypis@SC98,
 author = {Karypis, George and Kumar, Vipin},
 title = {Multilevel Algorithms for Multi-constraint Graph Partitioning},
 booktitle = {Proceedings of the 1998 ACM/IEEE Conference on Supercomputing},
 series = {SC '98},
 year = {1998},
 location = {San Jose, CA},
 pages = {1--13},
 numpages = {13},
 publisher = {IEEE Computer Society},
 address = {Washington, DC, USA},
 keywords = {graph partitioning, numerical simulations, parallel processing},
} 

@inproceedings{Stanton@KDD12,
 author = {Stanton, Isabelle and Kliot, Gabriel},
 title = {Streaming Graph Partitioning for Large Distributed Graphs},
 booktitle = {Proceedings of the 18th ACM SIGKDD International Conference on Knowledge Discovery and Data Mining},
 series = {KDD '12},
 year = {2012},
 location = {Beijing, China},
 pages = {1222--1230},
 numpages = {9},
 publisher = {ACM},
 address = {New York, NY, USA},
 keywords = {distributed graphs, experimental evaluation, graph partitioning, streaming algorithms},
} 


@inproceedings{Tsourakakis@WSDM14,
 author = {Tsourakakis, Charalampos and Gkantsidis, Christos and Radunovic, Bozidar and Vojnovic, Milan},
 title = {FENNEL: Streaming Graph Partitioning for Massive Scale Graphs},
 booktitle = {Proceedings of the 7th ACM International Conference on Web Search and Data Mining},
 series = {WSDM '14},
 year = {2014},
 location = {New York, New York, USA},
 pages = {333--342},
 numpages = {10},
 publisher = {ACM},
 address = {New York, NY, USA},
 keywords = {balanced graph partitioning, distributed computing, streaming},
} 

@inproceedings{Kwak@WWW10,
 author = {Kwak, Haewoon and Lee, Changhyun and Park, Hosung and Moon, Sue},
 title = {What is Twitter, a Social Network or a News Media?},
 booktitle = {Proceedings of the 19th International Conference on World Wide Web},
 series = {WWW '10},
 year = {2010},
 location = {Raleigh, North Carolina, USA},
 pages = {591--600},
 numpages = {10},
 publisher = {ACM},
 address = {New York, NY, USA},
 keywords = {Twitter, degree of separation, homophily, influential, information diffusion, online social network, pagerank, reciprocity, retweet},
} 

@article{Boldi@SPE04,
  abstract = {We report our experience in implementing UbiCrawler, a
		 scalable distributed web crawler, using the Java
		 programming language. The main features of UbiCrawler
		 are platform independence, fault tolerance, a very
		 effective assignment function for partitioning the
		 domain to crawl, and more in general the complete
		 decentralization of every task. The necessity of
		 handling very large sets of data has highlighted some
		 limitation of the Java APIs, which prompted the authors
		 to partially reimplement them.},
  added-at = {2008-12-05T15:57:18.000+0100},
  author = {Boldi, Paolo and Codenotti, Bruno and Santini, Massimo and Vigna, Sebastiano},
  biburl = {https://www.bibsonomy.org/bibtex/2e6d82d0c391ad9b3fb9a86039655bece/lysander07},
  day = 10,
  interhash = {c16df1c30407241815f78988acf72bfe},
  intrahash = {e6d82d0c391ad9b3fb9a86039655bece},
  journal = {Software Practice and Experience},
  keywords = {searchengine www03 wwwbook wwwkap17},
  month = {July},
  number = 8,
  pages = {711--726},
  timestamp = {2009-01-27T15:24:50.000+0100},
  title = {UbiCrawler: a scalable fully distributed Web
		 crawler},
  volume = {34},
  year = {2004},
}

@inproceedings{Chierichetti@KDD09,
 author = {Chierichetti, Flavio and Kumar, Ravi and Lattanzi, Silvio and Mitzenmacher, Michael and Panconesi, Alessandro and Raghavan, Prabhakar},
 title = {On Compressing Social Networks},
 booktitle = {Proceedings of the 15th ACM SIGKDD International Conference on Knowledge Discovery and Data Mining},
 series = {KDD '09},
 year = {2009},
 location = {Paris, France},
 pages = {219--228},
 numpages = {10},
 publisher = {ACM},
 address = {New York, NY, USA},
 keywords = {compression, linear arrangement, reciprocity, social networks},
} 

@article{DBLP@CoRR08,
  author    = {Jure Leskovec and
               Kevin J. Lang and
               Anirban Dasgupta and
               Michael W. Mahoney},
  title     = {Community Structure in Large Networks: Natural Cluster Sizes and the
               Absence of Large Well-Defined Clusters},
  journal   = {CoRR},
  volume    = {abs/0810.1355},
  year      = {2008},
  url       = {http://arxiv.org/abs/0810.1355},
  archivePrefix = {arXiv},
  eprint    = {0810.1355},
  timestamp = {Wed, 07 Jun 2017 14:40:49 +0200},
  biburl    = {https://dblp.org/rec/bib/journals/corr/abs-0810-1355},
  bibsource = {dblp computer science bibliography, https://dblp.org},
}



@inproceedings{Bourse@KDD14,
 author = {Bourse, Florian and Lelarge, Marc and Vojnovic, Milan},
 title = {Balanced Graph Edge Partition},
 booktitle = {Proceedings of the 20th ACM SIGKDD International Conference on Knowledge Discovery and Data Mining},
 series = {KDD '14},
 year = {2014},
 location = {New York, New York, USA},
 pages = {1456--1465},
 numpages = {10},
 publisher = {ACM},
 address = {New York, NY, USA},
 keywords = {approximation algorithms, distributed massive computation, graph edge partition, streaming heuristics},
} 

@inproceedings{Wu@SoCC15,
 author = {Wu, Ming and Yang, Fan and Xue, Jilong and Xiao, Wencong and Miao, Youshan and Wei, Lan and Lin, Haoxiang and Dai, Yafei and Zhou, Lidong},
 title = {GraM: Scaling Graph Computation to the Trillions},
 booktitle = {Proceedings of the Sixth ACM Symposium on Cloud Computing},
 series = {SoCC '15},
 year = {2015},
 location = {Kohala Coast, Hawaii},
 pages = {408--421},
 numpages = {14},
 publisher = {ACM},
 address = {New York, NY, USA},
 keywords = {RDMA, graph computation engine, scalability},
} 

@inproceedings{Hong@SC15,
 author = {Hong, Sungpack and Depner, Siegfried and Manhardt, Thomas and Van Der Lugt, Jan and Verstraaten, Merijn and Chafi, Hassan},
 title = {PGX.D: A Fast Distributed Graph Processing Engine},
 booktitle = {Proceedings of the International Conference for High Performance Computing, Networking, Storage and Analysis},
 series = {SC '15},
 year = {2015},
 location = {Austin, Texas},
 pages = {58:1--58:12},
 articleno = {58},
 numpages = {12},
 publisher = {ACM},
 address = {New York, NY, USA},
} 

@article{Quamar@VLDB14,
 author = {Quamar, Abdul and Deshpande, Amol and Lin, Jimmy},
 title = {NScale: Neighborhood-centric Analytics on Large Graphs},
 journal = {Proc. VLDB Endow.},
 issue_date = {August 2014},
 volume = {7},
 number = {13},
 month = aug,
 year = {2014},
 pages = {1673--1676},
 numpages = {4},
 publisher = {VLDB Endowment},
 keywords = {cloud computing, data placement, ego-centric analysis, graph analytics, graph partitioning, social networks, subgraph extraction},
} 

@inproceedings{Shi@OSDI16,
 author = {Shi, Jiaxin and Yao, Youyang and Chen, Rong and Chen, Haibo and Li, Feifei},
 title = {Fast and Concurrent RDF Queries with RDMA-based Distributed Graph Exploration},
 booktitle = {Proceedings of the 12th USENIX Conference on Operating Systems Design and Implementation},
 series = {OSDI'16},
 year = {2016},
 location = {Savannah, GA, USA},
 pages = {317--332},
 numpages = {16},
 publisher = {USENIX Association},
 address = {Berkeley, CA, USA},
} 

@inproceedings{Zheng@FAST15,
 author = {Zheng, Da and Mhembere, Disa and Burns, Randal and Vogelstein, Joshua and Priebe, Carey E. and Szalay, Alexander S.},
 title = {FlashGraph: Processing Billion-node Graphs on an Array of Commodity SSDs},
 booktitle = {Proceedings of the 13th USENIX Conference on File and Storage Technologies},
 series = {FAST'15},
 year = {2015},
 location = {Santa Clara, CA},
 pages = {45--58},
 numpages = {14},
 publisher = {USENIX Association},
 address = {Berkeley, CA, USA},
} 

@inproceedings{Cheng@EuroSys12,
 author = {Cheng, Raymond and Hong, Ji and Kyrola, Aapo and Miao, Youshan and Weng, Xuetian and Wu, Ming and Yang, Fan and Zhou, Lidong and Zhao, Feng and Chen, Enhong},
 title = {Kineograph: Taking the Pulse of a Fast-changing and Connected World},
 booktitle = {Proceedings of the 7th ACM European Conference on Computer Systems},
 series = {EuroSys '12},
 year = {2012},
 location = {Bern, Switzerland},
 pages = {85--98},
 numpages = {14},
 publisher = {ACM},
 address = {New York, NY, USA},
 keywords = {distributed storage, graph processing},
} 

@inproceedings{Han@EuroSys14,
 author = {Han, Wentao and Miao, Youshan and Li, Kaiwei and Wu, Ming and Yang, Fan and Zhou, Lidong and Prabhakaran, Vijayan and Chen, Wenguang and Chen, Enhong},
 title = {Chronos: A Graph Engine for Temporal Graph Analysis},
 booktitle = {Proceedings of the Ninth European Conference on Computer Systems},
 series = {EuroSys '14},
 year = {2014},
 location = {Amsterdam, The Netherlands},
 pages = {1:1--1:14},
 articleno = {1},
 numpages = {14},
 publisher = {ACM},
 address = {New York, NY, USA},
}

@INPROCEEDINGS{Khurana@ICDE13, 
author={U. Khurana and A. Deshpande}, 
booktitle={2013 IEEE 29th International Conference on Data Engineering (ICDE)}, 
title={Efficient snapshot retrieval over historical graph data}, 
year={2013}, 
volume={}, 
number={}, 
pages={997-1008}, 
keywords={application program interfaces;data structures;distributed databases;information networks;query processing;DeltaGraph;GraphPool;analytical models;comprehensive experimental evaluation;distributed graph database system;distributed hierarchical index structure;evolutionary analysis;evolutionary queries;general programmatic API;historical data management;historical graph data;historical graph information management;historical graph snapshots;historical network information;in-memory graph data structure;information networks;parallel processing;single-site processing;snapshot retrieval;storage space;subgraph pattern matching;temporal queries;Analytical models;Data models;Data structures;Indexes;Memory management;Pattern matching}, 
month={April},}

@INPROCEEDINGS{Macko@ICDE15, 
author={P. Macko and V. J. Marathe and D. W. Margo and M. I. Seltzer}, 
booktitle={2015 IEEE 31st International Conference on Data Engineering}, 
title={LLAMA: Efficient graph analytics using Large Multiversioned Arrays}, 
year={2015}, 
volume={}, 
number={}, 
pages={363-374}, 
keywords={tree data structures;tree searching;CSR representation;LLAMA;analysis system;breadth-first-search;compressed sparse row;efficient graph analytics;graph storage;large multiversioned arrays;multiversioned array snapshots;mutability;out-of-memory analysis systems;out-of-memory execution;out-of-memory systems;representative graph analysis workloads;Arrays;Engines;Indexes;Memory management;Merging;Periodic structures;Writing}, 
month={April},
}


@inproceedings{Zhang@OSDI16,
 author = {Zhang, Mingxing and Wu, Yongwei and Chen, Kang and Qian, Xuehai and Li, Xue and Zheng, Weimin},
 title = {Exploring the Hidden Dimension in Graph Processing},
 booktitle = {Proceedings of the 12th USENIX Conference on Operating Systems Design and Implementation},
 series = {OSDI'16},
 year = {2016},
 location = {Savannah, GA, USA},
 pages = {285--300},
 numpages = {16},
 publisher = {USENIX Association},
 address = {Berkeley, CA, USA},
} 

@ARTICLE{Zhong@TPDS14, 
author={J. Zhong and B. He}, 
journal={IEEE Transactions on Parallel and Distributed Systems}, 
title={Medusa: Simplified Graph Processing on GPUs}, 
year={2014}, 
volume={25}, 
number={6}, 
pages={1543-1552}, 
keywords={C++ language;application program interfaces;data structures;graph theory;graphics processing units;optimisation;source code (software);API;GPGPU programs;GPU graph operations;Medusa;data structures;graph processing;graph-centric optimizations;graphics processing unit;runtime system;sequential C-C++ code;source code;Algorithm design and analysis;Data structures;Graphics processing units;Memory management;Optimization;Parallel processing;Programming;GPGPU;GPU programming;graph processing;runtime framework}, 
month={June},
}

@article{Zhong@VLDB13,
 author = {Zhong, Jianlong and He, Bingsheng},
 title = {Parallel Graph Processing on Graphics Processors Made Easy},
 journal = {Proc. VLDB Endow.},
 issue_date = {August 2013},
 volume = {6},
 number = {12},
 month = aug,
 year = {2013},
 pages = {1270--1273},
 numpages = {4},
 publisher = {VLDB Endowment},
} 



@inproceedings{Murray@SOSP13,
 author = {Murray, Derek G. and McSherry, Frank and Isaacs, Rebecca and Isard, Michael and Barham, Paul and Abadi, Mart\'{\i}n},
 title = {Naiad: A Timely Dataflow System},
 booktitle = {Proceedings of the Twenty-Fourth ACM Symposium on Operating Systems Principles},
 series = {SOSP '13},
 year = {2013},
 location = {Farminton, Pennsylvania},
 pages = {439--455},
 numpages = {17},
 publisher = {ACM},
 address = {New York, NY, USA},
} 

@inproceedings{Chen@HPDC14,
 author = {Chen, Rong and Ding, Xin and Wang, Peng and Chen, Haibo and Zang, Binyu and Guan, Haibing},
 title = {Computation and Communication Efficient Graph Processing with Distributed Immutable View},
 booktitle = {Proceedings of the 23rd International Symposium on High-performance Parallel and Distributed Computing},
 series = {HPDC '14},
 year = {2014},
 location = {Vancouver, BC, Canada},
 pages = {215--226},
 numpages = {12},
 publisher = {ACM},
 address = {New York, NY, USA},
 keywords = {distributed processing, graph-parallel computation},
} 

@inproceedings{Brin@WWW798,
 author = {Brin, Sergey and Page, Lawrence},
 title = {The Anatomy of a Large-scale Hypertextual Web Search Engine},
 booktitle = {Proceedings of the Seventh International Conference on World Wide Web 7},
 series = {WWW7},
 year = {1998},
 location = {Brisbane, Australia},
 pages = {107--117},
 numpages = {11},
 publisher = {Elsevier Science Publishers B. V.},
 address = {Amsterdam, The Netherlands, The Netherlands},
 keywords = {Google, PageRank, World Wide Web, information retrieval, search engines},
} 

@inproceedings{Gonzalez@UAI09,
 author = {Gonzalez, Joseph E. and Low, Yucheng and Guestrin, Carlos and O'Hallaron, David},
 title = {Distributed Parallel Inference on Large Factor Graphs},
 booktitle = {Proceedings of the Twenty-Fifth Conference on Uncertainty in Artificial Intelligence},
 series = {UAI '09},
 year = {2009},
 location = {Montreal, Quebec, Canada},
 pages = {203--212},
 numpages = {10},
 publisher = {AUAI Press},
 address = {Arlington, Virginia, United States},
} 

@article{Han@VLDB15,
 author = {Han, Minyang and Daudjee, Khuzaima},
 title = {Giraph Unchained: Barrierless Asynchronous Parallel Execution in Pregel-like Graph Processing Systems},
 journal = {Proc. VLDB Endow.},
 issue_date = {May 2015},
 volume = {8},
 number = {9},
 month = may,
 year = {2015},
 pages = {950--961},
 numpages = {12},
 publisher = {VLDB Endowment},
} 

@article{Ju@MACS17,
 author = {Ju, Xiaoen and Jamjoom, Hani and Shin, Kang G.},
 title = {Hieroglyph: Locally-Sufficient Graph Processing via Compute-Sync-Merge},
 journal = {Proc. ACM Meas. Anal. Comput. Syst.},
 issue_date = {June 2017},
 volume = {1},
 number = {1},
 month = jun,
 year = {2017},
 pages = {9:1--9:25},
 articleno = {9},
 numpages = {25},
 publisher = {ACM},
 address = {New York, NY, USA},
 keywords = {algorithm design, asynchronous execution, big-data analytics, graph processing},
} 

@article{McCune@CS15,
 author = {McCune, Robert Ryan and Weninger, Tim and Madey, Greg},
 title = {Thinking Like a Vertex: A Survey of Vertex-Centric Frameworks for Large-Scale Distributed Graph Processing},
 journal = {ACM Comput. Surv.},
 issue_date = {November 2015},
 volume = {48},
 number = {2},
 month = oct,
 year = {2015},
 pages = {25:1--25:39},
 articleno = {25},
 numpages = {39},
 publisher = {ACM},
 address = {New York, NY, USA},
 keywords = {Big Data, Graph processing, distributed algorithms, distributed systems, pregel},
} 

@ARTICLE{Shi@KDE18, 
author={X. Shi and X. Luo and J. Liang and P. Zhao and S. Di and B. He and H. Jin}, 
journal={IEEE Transactions on Knowledge and Data Engineering}, 
title={Frog: Asynchronous Graph Processing on GPU with Hybrid Coloring Model}, 
year={2018}, 
volume={30}, 
number={1}, 
pages={29-42}, 
keywords={graph colouring;graphics processing units;parallel processing;Amazon;BFS;CC;DBLP;Frog;GPU;Gunrock;MapGraph;PageRank;RoadNet-CA;SSSP;Twitter;WikiTalk;YouTube;asynchronous computing model;asynchronous graph processing;classical algorithms;common coloring algorithms;complicated computational problems;graph processing systems;graph theory;large-scale graph;light-weight asynchronous processing framework;maximized parallelism;parallel graph algorithms;parallel processing;potential updating conflicts;preprocessing/hybrid coloring model;real-world data;real-world graph coloring cases;sequential consistency;sparse graph;vertices;Acceleration;Computational modeling;Data transfer;Graphics processing units;Image color analysis;Kernel;Parallel processing;GPGPU;asynchronous computing model;graph processing}, 
doi={10.1109/TKDE.2017.2745562}, 
month={Jan},}

@inproceedings{Wang@PPoPP16,
 author = {Wang, Lei and Yang, Fan and Zhuang, Liangji and Cui, Huimin and Lv, Fang and Feng, Xiaobing},
 title = {Articulation Points Guided Redundancy Elimination for Betweenness Centrality},
 booktitle = {Proceedings of the 21st ACM SIGPLAN Symposium on Principles and Practice of Parallel Programming},
 series = {PPoPP '16},
 year = {2016},
 location = {Barcelona, Spain},
 pages = {7:1--7:13},
 articleno = {7},
 numpages = {13},
 publisher = {ACM},
 address = {New York, NY, USA},
 keywords = {betweenness centrality, parallelism, partial redundancy elimination},
} 

@inproceedings{Zhao@PACT13,
 author = {Zhao, Jiacheng and Cui, Huimin and Xue, Jingling and Feng, Xiaobing and Yan, Youliang and Yang, Wensen},
 title = {An Empirical Model for Predicting Cross-core Performance Interference on Multicore Processors},
 booktitle = {Proceedings of the 22Nd International Conference on Parallel Architectures and Compilation Techniques},
 series = {PACT '13},
 year = {2013},
 location = {Edinburgh, Scotland, UK},
 pages = {201--212},
 numpages = {12},
 publisher = {IEEE Press},
 address = {Piscataway, NJ, USA},
 keywords = {cross-core performance interference, memory subsystems, multicore processors, performance analysis, prediction model},
} 

@online{Haselgrove@PPL10,
title = {Wikipedia page-to-page link database},
url = {http://haselgrove.id.au/wikipedia.htm},
}

@online{SNAP,
title = {SNAP: Stanford Network Analysis Platform},
url = {snap.stanford.edu/snap/index.html},
}

@online{DIMACS,
title = {9th DIMACS Implementation Challenge},
url = {http://www.dis.uniroma1.it/challenge9/download.shtml},
}

@online{LAW,
title = {The laboratory for web algorithmic},
url = {http://law.dsi.unimi.it/datasets.php},
}

@inproceedings{Zhu@ATC15,
 author = {Zhu, Xiaowei and Han, Wentao and Chen, Wenguang},
 title = {GridGraph: Large-scale Graph Processing on a Single Machine Using 2-level Hierarchical Partitioning},
 booktitle = {Proceedings of the 2015 USENIX Conference on Usenix Annual Technical Conference},
 series = {USENIX ATC '15},
 year = {2015},
 location = {Santa Clara, CA},
 pages = {375--386},
 numpages = {12},
 publisher = {USENIX Association},
 address = {Berkeley, CA, USA},
} 
%---------------------------------------------------------------------------%

@book{wikibook2014latex,
    title={http://en.wikibooks.org/wiki/LaTeX},
    author={Wikibook},
    year={2014},
    publisher={On-line Resources}
}
@book{lamport1986document,
    title={Document Preparation System},
    author={Lamport, Leslie},
    year={1986},
    publisher={Addison-Wesley Reading, MA}
}
@article{chen2005zhulu,
    title={著录文后参考文献的规则及注意事项},
    author={陈浩元},
    key={Chen Hao Yuan},
    journal={编辑学报},
    volume={17},
    number={6},
    pages={413--415},
    year={2005}
}
@book{chu2004tushu,
    title={图书馆数字参考咨询服务研究},
    author={初景利},
    key={Chu Jing Li},
    year={2004},
    address={北京},
    publisher={北京图书馆出版社}
}
@article{stamerjohanns2009mathml,
    title={{MathML}-aware article conversion from {LaTeX}},
    author={Stamerjohanns, Heinrich and Ginev, Deyan and David, Catalin and Misev, Dimitar and Zamdzhiev, Vladimir and Kohlhase, Michael},
    journal={Towards a Digital Mathematics Library},
    volume={16},
    number={2},
    pages={109--120},
    year={2009},
    publisher={Masaryk University Press}
}
@article{betts2005aging,
    title={Aging reduces center-surround antagonism in visual motion processing},
    author={Betts, Lisa R and Taylor, Christopher P},
    journal={Neuron},
    volume={45},
    number={3},
    pages={361--366},
    year={2005},
    publisher={Elsevier}
}

@article{bravo1990comparative,
    title={Comparative study of visual inter and intrahemispheric cortico-cortical connections in five native Chilean rodents},
    author={Bravo, Hermes and Olavarria, Jaime},
    journal={Anatomy and embryology},
    volume={181},
    number={1},
    pages={67--73},
    year={1990},
    publisher={Springer}
}
@book{hls2012jinji,
    author       = {哈里森·沃尔德伦},
    key          = {Haliseng Woerdelun},
    translator   = {谢远涛},
    title        = {经济数学与金融数学},
    address      = {北京},
    publisher    = {中国人民大学出版社},
    year         = {2012},
    pages        = {235--236},
}
@proceedings{niu2013zonghe,
    editor       = {牛志明 and 斯温兰德 and 雷光春},
    key          = {Niu Zhi Ming Siwenlande Lei Guang Chun},
    title        = {综合湿地管理国际研讨会论文集},
    address      = {北京},
    publisher    = {海洋出版社},
    year         = {2013},
}
@incollection{chen1980zhongguo,
    author       = {陈晋镳 and 张惠民 and 朱士兴 and 赵震 and
        王振刚},
    key          = {Chen Jing Ao Zhang Hui Ming Zhu Shi Xing Zhao Zhen Wang Zhen Gang},
    title        = {蓟县震旦亚界研究},
    editor       = {中国地质科学院天津地质矿产研究所},
    booktitle    = {中国震旦亚界},
    address      = {天津},
    publisher    = {天津科学技术出版社},
    year         = {1980},
    pages        = {56--114},
}
@article{yuan2012lana,
    author       = {袁训来 and 陈哲 and 肖书海},
    key          = {Yuan xun lai Chen zhe Xiao shu Hai},
    title        = {蓝田生物群: 一个认识多细胞生物起源和早期演化的新窗口 -- 篇一},
    journal      = {科学通报},
    year         = {2012},
    volume       = {57},
    number       = {34},
    pages        = {3219},
}
@article{yuan2012lanb,
    author       = {袁训来 and 陈哲 and 肖书海},
    key          = {Yuan xun lai Chen zhe Xiao shu Hai},
    title        = {蓝田生物群: 一个认识多细胞生物起源和早期演化的新窗口 -- 篇二},
    journal      = {科学通报},
    year         = {2012},
    volume       = {57},
    number       = {34},
    pages        = {3219},
}
@article{yuan2012lanc,
    author       = {袁训来 and 陈哲 and 肖书海},
    key          = {Yuan xun lai Chen zhe Xiao shu Hai},
    title        = {蓝田生物群: 一个认识多细胞生物起源和早期演化的新窗口 -- 篇三},
    journal      = {科学通报},
    year         = {2012},
    volume       = {57},
    number       = {34},
    pages        = {3219},
}
@article{walls2013drought,
    author       = {Walls, Susan C. and Barichivich, William J. and Brown, Mary
        E.},
    title        = {Drought, deluge and declines: the impact of precipitation
        extremes on amphibians in a changing climate},
    journal      = {Biology},
    year         = {2013},
    volume       = {2},
    number       = {1},
    pages        = {399--418},
    urldate      = {2013-11-04},
    url          = {http://www.mdpi.com/2079-7737/2/1/399},
    doi          = {10.3390/biology2010399},
}
@article{Bohan1928,
    author = { ボハン, デ},
    title = { 過去及び現在に於ける英国と会 },
    journal = { 日本時報 },
    year = { 1928 },
    volume = { 17 },
    pages = { 5-9 },
    edition = { 9 },
    hyphenation = { japanese },
    language = { japanese }
}

@article{Dubrovin1906,
    author = { Дубровин, А. И },
    title = { Открытое письмо Председателя Главного Совета Союза Русского Народа Санкт-Петербургскому Антонию, Первенствующему члену Священного Синода },
    journal = { Вече },
    year = { 1906 },
    volume = {  },
    edition = { 97 },
    month = { 7 дек. 1906 },
    pages = { 1-3 },
    hyphenation = { russian },
    language = { russian }
}
%---------------------------------------------------------------------------%
